<?xml version = "1.0" encoding = "UTF-8"?><record>
  <leader>01161nkm#a2200325#cb4500</leader>
  <controlfield tag="005">20210409080503.0</controlfield>
  <controlfield tag="007">kv#|||</controlfield>
  <controlfield tag="008">130220|1911####xx#|||############i|ger#c</controlfield>
  <controlfield tag="003">DE-605</controlfield>
  <controlfield tag="001">990194668760206441</controlfield>
  <datafield tag="016" ind1="7" ind2=" ">
    <subfield code="a">1106998930</subfield>
    <subfield code="2">OCoLC</subfield>
  </datafield>
  <datafield tag="035" ind1=" " ind2=" ">
    <subfield code="a">(DE-605)HT017551955</subfield>
  </datafield>
  <datafield tag="040" ind1=" " ind2=" ">
    <subfield code="a">61</subfield>
    <subfield code="b">ger</subfield>
    <subfield code="d">61</subfield>
    <subfield code="e">rakwb</subfield>
  </datafield>
  <datafield tag="041" ind1=" " ind2=" ">
    <subfield code="a">ger</subfield>
  </datafield>
  <datafield tag="044" ind1=" " ind2=" ">
    <subfield code="c">XA-DXDE</subfield>
  </datafield>
  <datafield tag="245" ind1="0" ind2="0">
    <subfield code="a">C&#246;ln, Gasthaus &quot;Zum St. Peter&quot;, Unter Hutmacher 31</subfield>
    <subfield code="h">Bildliche Darstellung</subfield>
    <subfield code="c">von Erwin Quedenfeldt</subfield>
  </datafield>
  <datafield tag="246" ind1="1" ind2="0">
    <subfield code="a">K&#246;ln</subfield>
  </datafield>
  <datafield tag="246" ind1="1" ind2="0">
    <subfield code="a">Sankt</subfield>
  </datafield>
  <datafield tag="264" ind1=" " ind2="1">
    <subfield code="a">D&#252;sseldorf</subfield>
    <subfield code="b">Quedenfeldt</subfield>
    <subfield code="c">1911</subfield>
  </datafield>
  <datafield tag="300" ind1=" " ind2=" ">
    <subfield code="a">1 Foto ; 24 x 18 cm</subfield>
  </datafield>
  <datafield tag="490" ind1="1" ind2=" ">
    <subfield code="a">Einzelbilder vom Niederrhein</subfield>
    <subfield code="v">501 : Serie 3</subfield>
  </datafield>
  <datafield tag="500" ind1=" " ind2=" ">
    <subfield code="a">heute Heumarkt 77, &quot;Gilden im Zims&quot;</subfield>
    <subfield code="9">F:501</subfield>
  </datafield>
  <datafield tag="700" ind1="1" ind2=" ">
    <subfield code="a">Quedenfeldt, Erwin</subfield>
    <subfield code="d">1869-1948</subfield>
    <subfield code="0">(DE-588)118892711</subfield>
    <subfield code="4">oth</subfield>
    <subfield code="0">(uri) https://portal.dnb.de/opac.htm?method=simpleSearch&amp;cqlMode=true&amp;query=idn=118892711</subfield>
    <subfield code="0">(uri) http://viaf.org/viaf/sourceID/DNB|118892711</subfield>
  </datafield>
  <datafield tag="776" ind1="0" ind2="8">
    <subfield code="i">Reproduktion</subfield>
    <subfield code="t">C&#246;ln, Gasthaus &quot;Zum St. Peter&quot;, Unter Hutmacher 31</subfield>
    <subfield code="k">Einzelbilder vom Niederrhein ; 501 : Serie 3</subfield>
    <subfield code="w">(DE-605)CT003043468</subfield>
  </datafield>
  <datafield tag="830" ind1=" " ind2="0">
    <subfield code="a">Einzelbilder vom Niederrhein</subfield>
    <subfield code="w">(DE-605)HT000765110</subfield>
    <subfield code="v">501</subfield>
    <subfield code="9">O:1</subfield>
  </datafield>
  <datafield tag="964" ind1="0" ind2="s">
    <subfield code="F">030</subfield>
    <subfield code="A">a|1uc||||||37</subfield>
  </datafield>
  <datafield tag="964" ind1="0" ind2="s">
    <subfield code="F">050</subfield>
    <subfield code="A">|||||da|||||||</subfield>
  </datafield>
  <datafield tag="964" ind1="0" ind2="s">
    <subfield code="F">051</subfield>
    <subfield code="A">s|||||||</subfield>
  </datafield>
  <datafield tag="035" ind1=" " ind2=" ">
    <subfield code="a">(OCoLC)1106998930</subfield>
    <subfield code="0">(uri) http://www.worldcat.org/oclc/1106998930</subfield>
  </datafield>
  <datafield tag="035" ind1=" " ind2=" ">
    <subfield code="a">(DE-599)HBZHT017551955</subfield>
  </datafield>
  <datafield tag="MBD" ind1=" " ind2=" ">
    <subfield code="M">49HBZ_NETWORK</subfield>
    <subfield code="i">990194668760206441</subfield>
    <subfield code="n">HBZ Network</subfield>
  </datafield>
  <datafield tag="MBD" ind1=" " ind2=" ">
    <subfield code="M">49HBZ_DUE</subfield>
    <subfield code="i">990027937760206443</subfield>
    <subfield code="n">Universit&#228;t D&#252;sseldorf</subfield>
  </datafield>
  <datafield tag="500" ind1=" " ind2=" ">
    <subfield code="a">heute Heumarkt 77, &quot;Gilden im Zims&quot;</subfield>
    <subfield code="9">F:501</subfield>
    <subfield code="M">49HBZ_DUE</subfield>
  </datafield>
  <datafield tag="830" ind1=" " ind2="0">
    <subfield code="a">Einzelbilder vom Niederrhein</subfield>
    <subfield code="w">(DE-605)HT000765110</subfield>
    <subfield code="v">501</subfield>
    <subfield code="9">O:1</subfield>
    <subfield code="M">49HBZ_DUE</subfield>
  </datafield>
  <datafield tag="996" ind1=" " ind2=" ">
    <subfield code="g">K&#246;ln</subfield>
    <subfield code="0">(DE-588)4031483-2</subfield>
    <subfield code="9">LOCAL</subfield>
    <subfield code="M">49HBZ_DUE</subfield>
  </datafield>
  <datafield tag="996" ind1=" " ind2=" ">
    <subfield code="p">Berger, Peter</subfield>
    <subfield code="d">1942-</subfield>
    <subfield code="0">(DE-588)118655965</subfield>
    <subfield code="9">LOCAL</subfield>
    <subfield code="M">49HBZ_DUE</subfield>
  </datafield>
  <datafield tag="996" ind1=" " ind2=" ">
    <subfield code="s">Gastst&#228;tte</subfield>
    <subfield code="0">(DE-588)4071600-4</subfield>
    <subfield code="9">LOCAL</subfield>
    <subfield code="M">49HBZ_DUE</subfield>
  </datafield>
  <datafield tag="996" ind1=" " ind2=" ">
    <subfield code="s">Hutmacher</subfield>
    <subfield code="0">(DE-588)4304811-0</subfield>
    <subfield code="9">LOCAL</subfield>
    <subfield code="M">49HBZ_DUE</subfield>
  </datafield>
  <datafield tag="996" ind1=" " ind2=" ">
    <subfield code="a">Gast</subfield>
    <subfield code="9">LOCAL</subfield>
    <subfield code="M">49HBZ_DUE</subfield>
  </datafield>
  <datafield tag="996" ind1=" " ind2=" ">
    <subfield code="a">Haus</subfield>
    <subfield code="9">LOCAL</subfield>
    <subfield code="M">49HBZ_DUE</subfield>
  </datafield>
  <datafield tag="996" ind1=" " ind2=" ">
    <subfield code="a">Peter</subfield>
    <subfield code="9">LOCAL</subfield>
    <subfield code="M">49HBZ_DUE</subfield>
  </datafield>
  <datafield tag="996" ind1=" " ind2=" ">
    <subfield code="a">St.</subfield>
    <subfield code="9">LOCAL</subfield>
    <subfield code="M">49HBZ_DUE</subfield>
  </datafield>
  <datafield tag="996" ind1=" " ind2=" ">
    <subfield code="a">zum</subfield>
    <subfield code="9">LOCAL</subfield>
    <subfield code="M">49HBZ_DUE</subfield>
  </datafield>
  <datafield tag="MNG" ind1=" " ind2=" ">
    <subfield code="c">System</subfield>
    <subfield code="f">ILS</subfield>
    <subfield code="i">marc21</subfield>
    <subfield code="k">01</subfield>
    <subfield code="e">false</subfield>
    <subfield code="d">2021-04-09 08:05:03 Europe/Berlin</subfield>
    <subfield code="g">019466876-HBZ01</subfield>
    <subfield code="j">60</subfield>
    <subfield code="a">import</subfield>
    <subfield code="b">2021-04-06 00:15:10 Europe/Berlin</subfield>
  </datafield>
  <datafield tag="H52" ind1="8" ind2=" ">
    <subfield code="b">X0001</subfield>
    <subfield code="c">16</subfield>
    <subfield code="h">K347:501</subfield>
    <subfield code="8">22289523260006443</subfield>
  </datafield>
  <datafield tag="HOL" ind1=" " ind2=" ">
    <subfield code="b">2021-04-01 11:39:18</subfield>
    <subfield code="8">22289523260006443</subfield>
    <subfield code="M">49HBZ_DUE</subfield>
    <subfield code="g">false</subfield>
    <subfield code="a">import</subfield>
  </datafield>
  <datafield tag="ITM" ind1=" " ind2=" ">
    <subfield code="H">22289523260006443</subfield>
    <subfield code="x">16</subfield>
    <subfield code="f">PHOTOGRAPH</subfield>
    <subfield code="v">16</subfield>
    <subfield code="p">34</subfield>
    <subfield code="X">System</subfield>
    <subfield code="U">2013-02-21 10:59:00</subfield>
    <subfield code="Y">2021-04-01 11:39:52</subfield>
    <subfield code="h">false</subfield>
    <subfield code="M">49HBZ_DUE</subfield>
    <subfield code="s">1</subfield>
    <subfield code="d">8</subfield>
    <subfield code="V">import</subfield>
    <subfield code="a">23289523250006443</subfield>
    <subfield code="c">K347:501</subfield>
    <subfield code="W">2013-02-21 11:59:00</subfield>
    <subfield code="u">X0001</subfield>
    <subfield code="w">X0001</subfield>
  </datafield>
</record>